
@misc{noauthor_http-server_nodate,
	title = {http-server},
	url = {https://www.npmjs.com/package/http-server},
	abstract = {A simple zero-configuration command-line http server},
	urldate = {2018-11-05},
	journal = {npm},
	file = {Snapshot:/home/jacob/Zotero/storage/59M6TBVX/http-server.html:text/html}
}

@misc{sk_install_2016,
	title = {Install {Apache}, {MariaDB}, {PHP} ({LAMP}) stack on {Arch} {Linux} 2016},
	url = {https://www.ostechnix.com/install-apache-mariadb-php-lamp-stack-on-arch-linux-2016/},
	abstract = {This tutorial walk you through installing and configuringÂ Apache, MySQL, PHP (LAMP) stack on Arch Linux 2016. As you probably know, LAMP is the the acronym of Linux, Apache, MySQL/MariaDB, PHP/Perl/Pyhton. For the purpose of this...},
	language = {en-US},
	urldate = {2019-01-02},
	journal = {OSTechNix},
	author = {{sk}},
	month = feb,
	year = {2016},
	file = {Snapshot:/home/jacob/Zotero/storage/7868R4ET/install-apache-mariadb-php-lamp-stack-on-arch-linux-2016.html:text/html}
}

@misc{noauthor_9_2017,
	title = {9 {Steps} to {Create} {Simple} {PHP} {Comment} {System} in {PHP} \& {MySql}},
	url = {https://codingcyber.org/simple-php-comment-system-in-php-mysql-6604/},
	abstract = {This is Simple PHP Comment System in PHP \& MySQL. We are going to create the PHP comment system with these functionalities. First of all, we are going to...},
	language = {en-US},
	urldate = {2019-01-02},
	journal = {Coding Cyber},
	month = sep,
	year = {2017},
	file = {Snapshot:/home/jacob/Zotero/storage/IXS9EUDJ/simple-php-comment-system-in-php-mysql-6604.html:text/html}
}

@misc{kimblad_git_2019-php_call,
	url = {https://github.com/jkimblad/ID1354/blob/f04735b7189adb98e165f135b227735b59488562/seminar2/app/php/login_form.php#L34},
}

@misc{kimblad_git_2019-comments,
	url = {https://github.com/jkimblad/ID1354/blob/f04735b7189adb98e165f135b227735b59488562/seminar2/app/php/meatballs-recipe.php#L71},
}
