
@misc{noauthor_div_nodate,
	title = {Div {Based} {Table} {Generator}},
	url = {http://shabirhakim.net/Tools/divbasedtablegenerator.aspx},
	urldate = {2018-11-05},
	file = {Div Based Table Generator:/home/jacob/Zotero/storage/SFNUBJKP/divbasedtablegenerator.html:text/html}
}

@misc{noauthor_using_nodate,
	title = {Using {\textless}div{\textgreater} {Tags} for {Layout}},
	url = {https://www.beginnersguidetohtml.com/guides/css/layout/div-tags},
	urldate = {2018-11-05},
	file = {Using <div> Tags for Layout:/home/jacob/Zotero/storage/6ZLIUREJ/div-tags.html:text/html}
}

@misc{noauthor_html_nodate,
	title = {{HTML} table tag},
	url = {https://www.w3schools.com/tags/tag_table.asp},
	urldate = {2018-11-05},
	file = {HTML table tag:/home/jacob/Zotero/storage/ZF6WNVN6/tag_table.html:text/html}
}

@misc{noauthor_html_nodate-1,
	title = {html - {What} is this {I} hear about the table tag being deprecated?},
	url = {https://stackoverflow.com/questions/3176896/what-is-this-i-hear-about-the-table-tag-being-deprecated},
	urldate = {2018-11-05},
	journal = {Stack Overflow},
	file = {Snapshot:/home/jacob/Zotero/storage/H7LBWVU5/what-is-this-i-hear-about-the-table-tag-being-deprecated.html:text/html}
}

@misc{noauthor_w3schools_nodate,
	title = {W3Schools {Online} {Web} {Tutorials}},
	url = {https://www.w3schools.com/},
	urldate = {2018-11-05},
	file = {W3Schools Online Web Tutorials:/home/jacob/Zotero/storage/SYT45FPD/www.w3schools.com.html:text/html}
}

@misc{noauthor_http-server_nodate,
	title = {http-server},
	url = {https://www.npmjs.com/package/http-server},
	abstract = {A simple zero-configuration command-line http server},
	urldate = {2018-11-05},
	journal = {npm},
	file = {Snapshot:/home/jacob/Zotero/storage/59M6TBVX/http-server.html:text/html}
}

@misc{noauthor_welcome_nodate,
	title = {welcome home : vim online},
	url = {https://www.vim.org/},
	urldate = {2018-11-05},
	file = {welcome home \: vim online:/home/jacob/Zotero/storage/JEMHXT4S/www.vim.org.html:text/html}
}

@misc{noauthor_zsh_nodate,
	title = {{ZSH} - {THE} {Z} {SHELL}},
	url = {http://zsh.sourceforge.net/},
	urldate = {2018-11-05},
	file = {ZSH - THE Z SHELL:/home/jacob/Zotero/storage/35FI4JXI/zsh.sourceforge.net.html:text/html}
}

@misc{noauthor_manjaro_nodate,
	title = {Manjaro {Linux}},
	url = {https://manjaro.org/},
	urldate = {2018-11-05},
	file = {Manjaro Linux:/home/jacob/Zotero/storage/J4HJHTZ7/manjaro.org.html:text/html}
}

@misc{noauthor_w3c_nodate,
	title = {The {W}3C {Markup} {Validation} {Service}},
	url = {http://validator.w3.org/},
	urldate = {2018-11-05},
	file = {The W3C Markup Validation Service:/home/jacob/Zotero/storage/S7XYZ7JY/validator.w3.org.html:text/html}
}

@misc{noauthor_w3c_nodate-1,
	title = {The {W}3C {CSS} {Validation} {Service}},
	url = {http://jigsaw.w3.org/css-validator/},
	urldate = {2018-11-05},
	file = {The W3C CSS Validation Service:/home/jacob/Zotero/storage/F9GGYJWW/css-validator.html:text/html}
}

@misc{noauthor_firefox_nodate,
	title = {Firefox {Developer} {Tools}},
	url = {https://developer.mozilla.org/en-US/docs/Tools},
	abstract = {Examine, edit, and debug HTML, CSS, and JavaScript on the desktop and on mobile.},
	language = {en-US},
	urldate = {2018-11-05},
	journal = {MDN Web Docs},
	file = {Snapshot:/home/jacob/Zotero/storage/ABB5HLVK/Tools.html:text/html}
}

@misc{kimblad_git_2018,
	url = {https://github.com/jkimblad/ID1354/blob/master/seminar1/app/css/reset.css},
	urldate = {2018-11-05},
	date = {2018-11-05},
	note = {original-date: 2018-11-03T11:46:12Z}
}

@misc{kimblad_git_2018-reset,
	url = {https://github.com/jkimblad/ID1354/blob/master/seminar1/app/index.html#L8},
	urldate = {2018-11-05},
	date = {2018-11-05},
	note = {original-date: 2018-11-03T11:46:12Z}
}

@misc{kimblad_git_2018-paragraph,
	url = {https://github.com/jkimblad/ID1354/blob/master/seminar1/app/css/mystyles.css#L80},
	urldate = {2018-11-05},
	date = {2018-11-05},
	note = {original-date: 2018-11-03T11:46:12Z}
}

@misc{kimblad_git_2018-h1,
	url = {https://github.com/jkimblad/ID1354/blob/master/seminar1/app/css/mystyles.css#L53},
	urldate = {2018-11-05},
	date = {2018-11-05},
	note = {original-date: 2018-11-03T11:46:12Z}
}

@misc{kimblad_git_2018-h2,
	url = {https://github.com/jkimblad/ID1354/blob/master/seminar1/app/css/mystyles.css#L62},
	urldate = {2018-11-05},
	date = {2018-11-05},
	note = {original-date: 2018-11-03T11:46:12Z}
}

@misc{kimblad_git_2018-background,
	url = {https://github.com/jkimblad/ID1354/blob/master/seminar1/app/css/mystyles.css#L50},
	urldate = {2018-11-05},
	date = {2018-11-05},
	note = {original-date: 2018-11-03T11:46:12Z}
}

@online{noauthor_design_nodate,
	title = {Design - Material Design},
	url = {https://material.io/design/},
	urldate = {2018-11-06},
	file = {Design - Material Design:/home/jacob/Zotero/storage/UAA9A5HV/design.html:text/html}
}
