
@misc{noauthor_codeigniter_nodate,
	title = {{CodeIgniter} {Web} {Framework}},
	url = {https://codeigniter.com/},
	urldate = {2019-01-07},
	file = {CodeIgniter Web Framework:/home/jacob/Zotero/storage/L24BL5CU/codeigniter.com.html:text/html}
}

@misc{noauthor_codeigniter_docs,
	title = {{CodeIgniter} {Documentation}},
	url = {https://codeigniter.com/docs},
	urldate = {2019-01-08},
	file = {CodeIgniter Documentation:/home/jacob/Zotero/storage/CIDEAY9I/docs.html:text/html}
}


@misc{noauthor_youtube_nodate,
	title = {{YouTube}},
	url = {https://www.youtube.com/watch?v=I752ofYu7ag},
	urldate = {2019-01-08},
}

@misc{kimblad_git_2019,
	title = {Git repository for {ID}1354 {Internet} {Applications}. {Contribute} to jkimblad/{ID}1354 development by creating an account on {GitHub}},
	url = {https://github.com/jkimblad/ID1354},
	urldate = {2019-01-08},
	author = {Kimblad, Jacob},
	month = jan,
	year = {2019},
	note = {original-date: 2018-11-03T11:46:12Z}
}

@misc{kimblad_git_2019-session,
	url = {https://github.com/jkimblad/ID1354/blob/605150322e29fd74c5c2e503ebd1d69d0e0f0815/seminar3/app/application/views/pages/meatballs-recipe.php#L49}
}

@misc{kimblad_git_2019-1,
	url = {https://github.com/jkimblad/ID1354/blob/605150322e29fd74c5c2e503ebd1d69d0e0f0815/seminar3/app/application/views/pages/meatballs-recipe.php#L35}
}

@misc{kimblad_git_2019-2,
	url = {https://github.com/jkimblad/ID1354/blob/605150322e29fd74c5c2e503ebd1d69d0e0f0815/seminar3/app/application/controllers/Users.php#L18}
}

@misc{codeignite,
	url = {https://www.codeigniter.com/user_guide/libraries/input.html}
}

@misc{cxx,
	url = {https://github.com/jkimblad/ID1354/blob/605150322e29fd74c5c2e503ebd1d69d0e0f0815/seminar3/app/application/config/config.php#L435}
}

