
@misc{js.foundation_ajax_nodate,
	title = {Ajax {\textbar} {jQuery} {API} {Documentation}},
	url = {https://api.jquery.com/category/ajax/},
	language = {en-US},
	urldate = {2019-01-13},
	author = {js.foundation, JS Foundation-},
	file = {Snapshot:/home/jacob/Zotero/storage/CJIKZ7EK/ajax.html:text/html}
}

@misc{js.foundation_jquery_nodate,
	title = {{jQuery} {API} {Documentation}},
	url = {http://api.jquery.com/},
	language = {en-US},
	urldate = {2019-01-13},
	author = {js.foundation, JS Foundation-},
	file = {Snapshot:/home/jacob/Zotero/storage/9CV22PTE/api.jquery.com.html:text/html}
}

@misc{noauthor_javascript_nodate,
	title = {{JavaScript} reference},
	url = {https://developer.mozilla.org/sv-SE/docs/Web/JavaScript/Reference},
	abstract = {This part of the JavaScript section on MDN serves as a repository of facts about the JavaScript language. Read more about this reference.},
	language = {sv-SE},
	urldate = {2019-01-13},
	journal = {MDN webbdokument},
	file = {Snapshot:/home/jacob/Zotero/storage/HWPUVLBM/Reference.html:text/html}
}

@misc{kimblad_git_2019_file,
	url = {https://github.com/jkimblad/ID1354/blob/master/seminar4/app/assets/scripts/ajax_requests.js},
}


@misc{kimblad_git_2019_1,
        url = {https://github.com/jkimblad/ID1354/blob/b4d619aca4f51e3245871be122f2e359c6b11165/seminar4/app/assets/scripts/ajax_requests.js#L1}
}
@misc{kimblad_git_2019_77,
        url = {https://github.com/jkimblad/ID1354/blob/b4d619aca4f51e3245871be122f2e359c6b11165/seminar4/app/assets/scripts/ajax_requests.js#L77}
}
@misc{kimblad_git_2019_5,
        url = {https://github.com/jkimblad/ID1354/blob/b4d619aca4f51e3245871be122f2e359c6b11165/seminar4/app/assets/scripts/ajax_requests.js#L5}
}
@misc{kimblad_git_2019_97,
	url = {https://github.com/jkimblad/ID1354/blob/master/seminar4/app/assets/scripts/ajax_requests.js},
}
@misc{kimblad_git_2019_54,
        url = {https://github.com/jkimblad/ID1354/blob/b4d619aca4f51e3245871be122f2e359c6b11165/seminar4/app/assets/scripts/ajax_requests.js#L54}
}

@misc{kimblad_git_2019_41,
        url = {https://github.com/jkimblad/ID1354/blob/b4d619aca4f51e3245871be122f2e359c6b11165/seminar4/app/assets/scripts/ajax_requests.js#L41}
}
@misc{kimblad_git_2019_40,
	url = {https://github.com/jkimblad/ID1354/blob/41edefcada72eee2d55b3942d078116a24095149/seminar4/app/assets/scripts/ajax_requests.js#L40}
}
@misc{kimblad_git_2019_8,
        url = {https://github.com/jkimblad/ID1354/blob/41edefcada72eee2d55b3942d078116a24095149/seminar4/app/assets/scripts/ajax_requests.js#L8},
}
